<?xml version="1.0" encoding="utf-8"?>
<record xmlns="http://www.loc.gov/MARC21/slim" xmlns:xsi="http://www.w3.org/2001/XMLSchema-instance" xsi:schemaLocation="http://www.loc.gov/MARC21/slim http://www.loc.gov/standards/marcxml/schema/MARC21slim.xsd">
	<leader>     nam a22     Mi 4500</leader>
	<controlfield tag="001">b12515024</controlfield>
	<controlfield tag="003">LeBAU</controlfield>
	<controlfield tag="006">m        d        </controlfield>
	<controlfield tag="007">cr cn |||m|||a</controlfield>
	<controlfield tag="008">200327s1937    ua      ob    ||1 0 ara d</controlfield>
	<datafield ind1=" " ind2=" " tag="040">
		<subfield code="a">ZYU</subfield>
		<subfield code="b">ara</subfield>
		<subfield code="e">rda</subfield>
		<subfield code="c">ZYU</subfield>
	</datafield>
	<datafield ind1="0" ind2="4" tag="082">
		<subfield code="a">808</subfield>
		<subfield code="2">22</subfield>
	</datafield>
	<datafield ind1="0" ind2=" " tag="100">
		<subfield code="6">880-01</subfield>
		<subfield code="a">Qudāmah ibn Jaʻfar,</subfield>
		<subfield code="d">-922?</subfield>
		<subfield code="e">author.</subfield>
	</datafield>
	<datafield ind1="1" ind2="3" tag="240">
		<subfield code="6">880-02</subfield>
		<subfield code="a">al-Burhān fī wujūh al-bayān</subfield>
	</datafield>
	<datafield ind1="1" ind2="0" tag="245">
		<subfield code="6">880-03</subfield>
		<subfield code="a">Kitāb Naqd al-nathr /</subfield>
		<subfield code="c">lii-Abī al-Faraj Qudāmah ibn Jaʻfar al-kātib al-Baghdādī ; ḥaqqaqahu wa-ʻallaqa ḥawāshīh al-Duktūr Ṭāhā Ḥusayn Bik, ʻamīd Kullīyat al-Ādāb bi-al-Jāmiʻah al-Miṣrīyah, wa-ʻAbd al-Ḥamīd al-ʻAbbādī, al-ustadh bi-Kullīyat al-Ādāb bi-al-Jāmiʻah al-Miṣrīyah.</subfield>
	</datafield>
	<datafield ind1="3" ind2="0" tag="246">
		<subfield code="6">880-04</subfield>
		<subfield code="a">Naqd al-nathr</subfield>
	</datafield>
	<datafield ind1=" " ind2=" " tag="250">
		<subfield code="6">880-05</subfield>
		<subfield code="a">al-Ṭabʻah al-thānīyah.</subfield>
	</datafield>
	<datafield ind1=" " ind2="1" tag="264">
		<subfield code="6">880-06</subfield>
		<subfield code="a">al-Qāhirah :</subfield>
		<subfield code="b">Lajnat al-Taʼlīf wa-al-Tarjamah wa-al-Nashr,</subfield>
		<subfield code="c">1356 H. = 1937 M.</subfield>
	</datafield>
	<datafield ind1=" " ind2=" " tag="300">
		<subfield code="6">880-07</subfield>
		<subfield code="a">online resource (153 pages)</subfield>
	</datafield>
	<datafield ind1=" " ind2=" " tag="336">
		<subfield code="a">text</subfield>
		<subfield code="2">rdacontent</subfield>
	</datafield>
	<datafield ind1=" " ind2=" " tag="337">
		<subfield code="a">computer</subfield>
		<subfield code="2">rdamedia</subfield>
	</datafield>
	<datafield ind1=" " ind2=" " tag="338">
		<subfield code="a">online resource</subfield>
		<subfield code="2">rdacarrier</subfield>
	</datafield>
	<datafield ind1=" " ind2=" " tag="500">
		<subfield code="a">Part of the Arabic Collections Online (ACO) project, contributed by American University of Beirut's Jafet Memorial Library.</subfield>
	</datafield>
	<datafield ind1=" " ind2=" " tag="533">
		<subfield code="a">Electronic reproduction.</subfield>
		<subfield code="b">New York, N.Y. :</subfield>
		<subfield code="c">New York University,</subfield>
		<subfield code="d">2020.</subfield>
		<subfield code="5">NNU</subfield>
	</datafield>
	<datafield ind1=" " ind2="0" tag="650">
		<subfield code="6">880-08</subfield>
		<subfield code="a">Arabic language</subfield>
		<subfield code="x">Rhetoric</subfield>
		<subfield code="v">Early works to 1800.</subfield>
	</datafield>
	<datafield ind1=" " ind2="0" tag="650">
		<subfield code="6">880-09</subfield>
		<subfield code="a">Diction</subfield>
		<subfield code="v">Early works to 1800.</subfield>
	</datafield>
	<datafield ind1=" " ind2="0" tag="650">
		<subfield code="6">880-10</subfield>
		<subfield code="a">Arabic prose literature</subfield>
		<subfield code="x">History and criticism.</subfield>
	</datafield>
	<datafield ind1="1" ind2=" " tag="700">
		<subfield code="6">880-11</subfield>
		<subfield code="a">Ḥusayn, Ṭāhā,</subfield>
		<subfield code="d">1889-1973,</subfield>
		<subfield code="e">annotator.</subfield>
	</datafield>
	<datafield ind1="1" ind2=" " tag="700">
		<subfield code="6">880-12</subfield>
		<subfield code="a">ʻAbbādī, ʻAbd al-Ḥamīd,</subfield>
		<subfield code="e">annotator.</subfield>
	</datafield>
	<datafield ind1="2" ind2=" " tag="710">
		<subfield code="a">Jafet Memorial Library.</subfield>
	</datafield>
	<datafield ind1="0" ind2=" " tag="730">
		<subfield code="a">Arabic Collections Online.</subfield>
	</datafield>
	<datafield ind1="0" ind2=" " tag="773">
		<subfield code="6">880-13</subfield>
		<subfield code="a">Kātib, Isḥāq ibn Ibrāhīm.</subfield>
		<subfield code="t">Burhān fī wujūh al-bayān.</subfield>
		<subfield code="d">Baghdād : Maṭbaʻat al-ʻĀnī, [1967]</subfield>
		<subfield code="w">(OCoLC)784369512</subfield>
		<subfield code="w">(OCoLC)784369512</subfield>
	</datafield>
	<datafield ind1="0" ind2="8" tag="775">
		<subfield code="6">880-14</subfield>
		<subfield code="i">has designation of edition</subfield>
		<subfield code="4">http://rdaregistry.info/Elements/m/P30133 :</subfield>
		<subfield code="t">Kitāb naqd al-nathr.</subfield>
		<subfield code="d">al-Qāhirah :  al-Qāhirah : Dār al-Kutub al-Miṣrīyah, 1351 H. = 1933 M.</subfield>
		<subfield code="w">(OCoLC)784368463</subfield>
		<subfield code="w">(OCoLC)784368463</subfield>
	</datafield>
	<datafield ind1="0" ind2="8" tag="776">
		<subfield code="i">Print version:</subfield>
		<subfield code="a">Qudāmah ibn Jaʻfar, -922? author.</subfield>
		<subfield code="t">Kitāb Naqd al-nathr</subfield>
		<subfield code="w">(LeBAU)b12515024</subfield>
	</datafield>
	<datafield ind1="0" ind2=" " tag="787">
		<subfield code="6">880-15</subfield>
		<subfield code="i">has note on statement of responsibility</subfield>
		<subfield code="4">http://rdaregistry.info/Elements/m/P30057 :</subfield>
		<subfield code="a">Kātib, Isḥāq ibn Ibrāhīm.</subfield>
		<subfield code="t">Burhān fī wujūh al-bayān.</subfield>
		<subfield code="d">Baghdād : Maṭbaʻat al-ʻĀnī, [1967]</subfield>
		<subfield code="w">(OCoLC)784369512</subfield>
		<subfield code="w">(OCoLC)784369512</subfield>
	</datafield>
	<datafield ind1="4" ind2="0" tag="856">
		<subfield code="u">http://hdl.handle.net/2333.1/9cnp5t79</subfield>
	</datafield>
	<datafield ind1="0" ind2=" " tag="880">
		<subfield code="6">100-01</subfield>
		<subfield code="a">قدامة بن جعفر،</subfield>
		<subfield code="d">-922؟،</subfield>
		<subfield code="e">مؤلف.</subfield>
		<subfield code="4">aut.</subfield>
	</datafield>
	<datafield ind1="1" ind2="2" tag="880">
		<subfield code="6">240-02</subfield>
		<subfield code="a">البرهان في وجوه البيان</subfield>
	</datafield>
	<datafield ind1="1" ind2="0" tag="880">
		<subfield code="6">245-03</subfield>
		<subfield code="a">كتاب نقد النثر /</subfield>
		<subfield code="c">لأبي الفرج قدامة بن جعفر الكاتب البغدادي ؛ حققه وعلق حواشيه الدكتور طه حسين بك، عميد كلية الآداب بالجامعة المصرية، وعبد الحميد العبادي، الأستاذ بكلية الآداب بالجامعة المصرية.</subfield>
	</datafield>
	<datafield ind1="3" ind2="0" tag="880">
		<subfield code="6">246-04</subfield>
		<subfield code="a">نقد النثر</subfield>
	</datafield>
	<datafield ind1=" " ind2=" " tag="880">
		<subfield code="6">250-05</subfield>
		<subfield code="a">الطبعة الثانية.</subfield>
	</datafield>
	<datafield ind1=" " ind2="1" tag="880">
		<subfield code="6">264-06</subfield>
		<subfield code="a">القاهرة :</subfield>
		<subfield code="b">لجنة التأليف والترجمة والنشر،</subfield>
		<subfield code="c">1356 هـ. = 1937 م.</subfield>
	</datafield>
	<datafield ind1=" " ind2=" " tag="880">
		<subfield code="6">300-07</subfield>
		<subfield code="a">153 صفحة ؛</subfield>
		<subfield code="c">23 سم</subfield>
	</datafield>
	<datafield ind1=" " ind2=" " tag="880">
		<subfield code="6">500-00</subfield>
		<subfield code="a">لقد نسب العبادي هذا العمل الى قدامة ابن جعفر، أما أحمد مطلوب وخديجة الحديثي قد نسبوه الى ابو الحسين اسحق بن ابراهيم الكاتب إستنادا الى مخطوطة اكتشفت لاحقا بعنوان البرهان في وجوه البيان.</subfield>
	</datafield>
	<datafield ind1=" " ind2=" " tag="880">
		<subfield code="6">504-00</subfield>
		<subfield code="a">يتضمن مراجع ببليوغرافية وكشاف.</subfield>
	</datafield>
	<datafield ind1=" " ind2="4" tag="880">
		<subfield code="6">650-08</subfield>
		<subfield code="a">اللغة العربية</subfield>
		<subfield code="x">البلاغة</subfield>
		<subfield code="v">اعمال قديمة حتى 1800.</subfield>
	</datafield>
	<datafield ind1=" " ind2="4" tag="880">
		<subfield code="6">650-09</subfield>
		<subfield code="a">علم البيان</subfield>
		<subfield code="v">أعمال قديمة حتى 1800.</subfield>
	</datafield>
	<datafield ind1=" " ind2="4" tag="880">
		<subfield code="6">650-10</subfield>
		<subfield code="a">الأدب النثري العربي</subfield>
		<subfield code="x">تاريخ ونقد.</subfield>
	</datafield>
	<datafield ind1="1" ind2=" " tag="880">
		<subfield code="6">700-11</subfield>
		<subfield code="a">حسين، طه،</subfield>
		<subfield code="d">1889-1973،</subfield>
		<subfield code="e">محقق.</subfield>
		<subfield code="4">ann.</subfield>
	</datafield>
	<datafield ind1="1" ind2=" " tag="880">
		<subfield code="6">700-12</subfield>
		<subfield code="a">العبادي، عبد الحميد،</subfield>
		<subfield code="e">محقق.</subfield>
		<subfield code="4">ann.</subfield>
	</datafield>
	<datafield ind1="0" ind2=" " tag="880">
		<subfield code="6">773-13</subfield>
		<subfield code="a">الكاتب، اسحاق بن ابراهيم.</subfield>
		<subfield code="t">البرهان في وجوه البيان.</subfield>
		<subfield code="d">بغداد : مطبعة العاني، [1967]</subfield>
		<subfield code="w">b12515747</subfield>
		<subfield code="w">(OCoLC)784369512</subfield>
	</datafield>
	<datafield ind1="0" ind2="8" tag="880">
		<subfield code="6">775-14</subfield>
		<subfield code="i">دلالة على الطبعة</subfield>
		<subfield code="4">http://rdaregistry.info/Elements/m/P30133 :</subfield>
		<subfield code="t">كتاب نقد النثر.</subfield>
		<subfield code="d">القاهرة : دار الكتب المصرية، 1351 هـ. = 1933 م.</subfield>
		<subfield code="w">b12514962</subfield>
		<subfield code="w">(OCoLC)784368463</subfield>
	</datafield>
	<datafield ind1="0" ind2=" " tag="880">
		<subfield code="6">787-15</subfield>
		<subfield code="i">ملاحظة على بيان المسؤولية</subfield>
		<subfield code="4">http://rdaregistry.info/Elements/m/P30057 :</subfield>
		<subfield code="a">الكاتب، اسحاق بن ابراهيم.</subfield>
		<subfield code="t">البرهان في وجوه البيان.</subfield>
		<subfield code="d">بغداد : مطبعة العاني، [1967]</subfield>
		<subfield code="w">b12515747</subfield>
		<subfield code="w">(OCoLC)784369512</subfield>
	</datafield>
	<datafield ind1=" " ind2=" " tag="959">
		<subfield code="a">NNU</subfield>
		<subfield code="b">WEB</subfield>
		<subfield code="c">GENI</subfield>
		<subfield code="t">0</subfield>
		<subfield code="m">Electronic access</subfield>
		<subfield code="s">01</subfield>
	</datafield>
	<datafield ind1=" " ind2=" " tag="999">
		<subfield code="i">LeBAU_b12515024</subfield>
		<subfield code="s">aub_aco003126:</subfield>
		<subfield code="e">(ERROR-MISC)</subfield>
		<subfield code="s">aub_aco003126:</subfield>
	</datafield>
</record>
